@article{
ref:jCAS10,
   Author = {Casson, Alexander J. and Yates, David C. and Smith, Shelagh J.M. and Duncan, John S. and Rodriguez-Villegas, Esther},
   Title = {Wearable electroencephalography},
   Journal = {IEEE Eng. Biol. Med. Mag.},
   Volume = {29},
   Number = {3},
   Pages = {44-56},
   Year = {2010} 
}

@article{
ref:jCAS09,
   Author = {Casson, Alexander J. and Luna, Elena and Rodriguez-Villegas, Esther},
   Title = {Performance metrics for the accurate characterisation of interictal spike detection algorithms},
   Journal = {J. Neurosci. Meth.},
   Volume = {177},
   Number = {2},
   Pages = {479-487},
   Year = {2009} 
}

@article{
ref:jCAS09a,
   Author = {Casson, Alexander J. and Rodriguez-Villegas, Esther},
   Title = {Toward online data reduction for portable electroencephalography systems in epilepsy},
   Journal = {IEEE T. Biomed. Eng.},
   Volume = {56},
   Number = {12},
   Pages = {2816-2825},
   Year = {2009} 
}