@INPROCEEDINGS{RoboLimbo,
  author={Teeyapan, Kasemsit and Wang, Jiuguang and Kunz, Tobias and Stilman, Mike},
  booktitle={2010 IEEE International Conference on Robotics and Automation}, 
  title={Robot limbo: Optimized planning and control for dynamically stable robots under vertical obstacles}, 
  year={2010},
  volume={},
  number={},
  pages={4519-4524},
  keywords={Mobile robots;Linear feedback control systems;Automatic control;Wheels;Orbital robotics;Robotics and automation;Stochastic processes;Motion control;Control systems;Navigation;dynamic limbo;sequential controller composition;stochastic optimization;two-wheeled balancing robot},
  doi={10.1109/ROBOT.2010.5509334}
}

@ARTICLE{nntwsbvison,
  author={Li, Chih-Hung Gilbert and Zhou, Long-Ping and Chao, Yu-Hua},
  journal={IEEE/ASME Transactions on Mechatronics}, 
  title={Self-Balancing Two-Wheeled Robot Featuring Intelligent End-to-End Deep Visual-Steering}, 
  year={2021},
  volume={26},
  number={5},
  pages={2263-2273},
  keywords={Mobile robots;Manipulator dynamics;Navigation;Wheels;Dynamics;Automatic navigation;convolutional neural network (ConvNet);depth camera;machine and computer vision;mobile robot},
  doi={10.1109/TMECH.2020.3036579}
}

@INPROCEEDINGS{visionlinetwsb,
  author={Hsu, Chun-Fei and Su, Chien-Ting and Kao, Wei-Fu and Lee, Bore-Kuen},
  booktitle={2018 International Conference on Machine Learning and Cybernetics (ICMLC)}, 
  title={Vision-Based Line-Following Control of a Two-Wheel Self-Balancing Robot}, 
  year={2018},
  volume={1},
  number={},
  pages={319-324},
  keywords={Robot kinematics;Mobile robots;Testing;Cameras;Robot vision systems;Two-wheel self-balancing robot;Line follower;Visual tracking;Cascade control;Intelligent control},
  doi={10.1109/ICMLC.2018.8526952}
}


@article{Borenstein1997MobileRP,
  title={Mobile robot positioning: Sensors and techniques},
  author={Borenstein, Johann and Everett, H. R. and Feng, Liqiang},
  journal={Journal of Robotic Systems},
  volume={14},
  number={4},
  pages={231-249},
  year={1997},
  publisher={Wiley Online Library}
}


@book{Thrun2005ProbabilisticRobotics,
author = {Thrun, Sebastian and Burgard, Wolfram and Fox, Dieter},
title = {Probabilistic Robotics (Intelligent Robotics and Autonomous Agents)}, 
year = {2005}, 
isbn = {0262201623}, 
publisher = {The MIT Press} }
 
@ARTICLE{MEMS,
  author={Shaeffer, Derek K.},
  journal={IEEE Communications Magazine}, 
  title={MEMS inertial sensors: A tutorial overview}, 
  year={2013},
  volume={51},
  number={4},
  pages={100-109},
  keywords={Mechanical sensors;Micromechanical devices;Consumer electronics;Electrostatics;Sensor systems;Integrated circuits},
  doi={10.1109/MCOM.2013.6495768}}
